% O papel da Rede Ibero-Americana de Editores Científicos de Educação (RIECE) no fortalecimento da comunicação científica em periódicos da área de Educação



@article{Appel2019,
  author    = {Appel, A.L. and Albagli, S.},
  title     = {The adoption of Article Processing Charges as a business model by Brazilian Open Access journals},
  journal   = {Transinformação},
  year      = {2019},
  volume    = {31},
  pages     = {e180045},
  doi       = {10.1590/2318-0889201931e180045}
}

@manual{Camargo2018,
  author    = {Camargo, B.V. and Justo, A.M.},
  title     = {Tutorial para uso do software [de análise textual] Iramuteq},
  year      = {2018},
  organization={UFSC},
  note      = {Disponible en bit.ly/4fgzRqk}
}

@manual{Fialho2023,
  author    = {Fialho, L.M.F.},
  title     = {Ciência Aberta, uma compreensão inicial},
  year      = {2023},
  organization={Comissão de ética e pesquisa da ANPEd},
  note      = {Disponible en https://bit.ly/3BnaPIl}
}

@inproceedings{Fialho2024,
  author    = {Fialho, L.M.F. and Nascimento, K.A.S. and Costa, M.A.A.},
  title     = {Rede Ibero-Americana de Editores Científicos de Educação (RIECE): internacionalização, indexação e aderência à ciência aberta},
  booktitle = {15ª Conferência Lusófona de Ciência Aberta (ConfOA)},
  year      = {2024},
  organization = {ANPEd},
  address   = {Porto, Portugal},
  volume    = {53},
  number    = {3},
  note      = {Disponible en https://bit.ly/3ZIEYd0}
}

@mastersthesis{Fontes2021,
  author    = {Fontes, I.},
  title     = {Competências do editor-chefe de periódico científico: gaps e tendências},
  year      = {2021},
  school    = {Fundação Getúlio Vargas},
  note      = {Disponible en https://bit.ly/4iDIJcm}
}

@article{Gomes2010,
  author    = {Gomes, V.P.},
  title     = {O editor de revista científica: desafios da prática e da formação},
  journal   = {Informação & Informação},
  year      = {2010},
  volume    = {15},
  number    = {1},
  pages     = {147--172},
  note      = {Disponible en https://bit.ly/400F4gz}
}

@article{Kunsch2004,
  author    = {Kunsch, W.L.},
  title     = {O editor científico},
  journal   = {Revista Acadêmica do Grupo Comunicacional de São Bernardo},
  year      = {2004},
  volume    = {1},
  number    = {1},
  note      = {Disponible en https://bit.ly/3BFXLh6}
}

@book{Ludke1986,
  author    = {Lüdke, M. and André, M.E.D.A.},
  title     = {Pesquisa em educação: abordagens qualitativas},
  year      = {1986},
  publisher = {EPU}
}

@book{Minayo2008,
  author    = {Minayo, M.C.S.},
  title     = {O desafio do conhecimento: pesquisa qualitativa em saúde},
  year      = {2008},
  publisher = {Hucitec}
}

@manual{Morais2022,
  author    = {Morais, A. and Rode, S.M. and Galleti, S.},
  title     = {Desafios e perspectivas da editoria científica: memórias críticas do ABEC Meeting Live 2021},
  year      = {2022},
  organization={ABEC Brasil},
  note      = {Disponible en https://bit.ly/3Bzt79m}
}

@inproceedings{Nascimento2023,
  author    = {Nascimento, K.A.S. and Fialho, L.M.F.},
  title     = {A importância e os desafios da avaliação aberta à luz da experiência da Revista Práticas Educativas, Memórias e Oralidades},
  booktitle = {Abec Meeting},
  year      = {2023},
  note      = {Disponible en https://bit.ly/3ZIvONX}
}

@book{Oliveira2020,
  author    = {Oliveira, M.M.},
  title     = {Como fazer pesquisa qualitativa},
  year      = {2020},
  publisher = {Vozes}
}

@article{Pereira2020,
  author    = {Pereira, V. and Furnival, A.C.},
  title     = {Revistas científicas em acesso aberto brasileiras no DOAJ: modelos de negócio e sua sustentabilidade financeira},
  journal   = {Brazilian Journal of Information Science: Research Trends},
  year      = {2020},
  volume    = {14},
  number    = {1},
  pages     = {88--111},
  doi       = {10.36311/1981-1640.2020.v14n1.05.p88}
}

@article{Pimentel2001,
  author    = {Pimentel, A.},
  title     = {O método da análise documental: seu uso numa pesquisa histórica},
  journal   = {Cadernos de Pesquisa},
  year      = {2001},
  volume    = {114},
  pages     = {179--195},
  note      = {Disponible en https://bit.ly/3BAdChk}
}

@article{SaSilva2009,
  author    = {Sá-Silva, J.R. and Almeida, C.D. and Guindani, J.F.},
  title     = {Pesquisa documental: pistas teóricas e metodológicas},
  journal   = {Revista Brasileira de História & Ciências Sociais},
  year      = {2009},
  volume    = {1},
  number    = {1},
  note      = {Disponible en https://bit.ly/3BmN8jp}
}

@manual{Shintaku2014,
  author    = {Shintaku, M. and others},
  title     = {Cartilha para adequação de publicações SEER/OJS ao Latindex},
  year      = {2014},
  organization={Instituto Brasileiro de Informação em Ciência e Tecnologia}
}

@article{Tripp2005,
  author    = {Tripp, D.},
  title     = {Pesquisa-ação: uma introdução metodológica},
  journal   = {Educação e Pesquisa},
  year      = {2005},
  volume    = {31},
  number    = {3},
  pages     = {443--466},
  doi       = {10.1590/S1517-97022005000300009}
}

@manual{Unesco2017,
  author    = {Unesco},
  title     = {Recomendación sobre la Ciencia y los Investigadores Científicos},
  year      = {2017},
  organization={Unesco}
}

@manual{Unesco2021,
  author    = {Unesco},
  title     = {Recomendação da Unesco sobre Ciência Aberta},
  year      = {2021},
  organization={Unesco}
}

@manual{Werlang2021,
  author    = {Werlang, E. and Carlim, P.E. and Rode, S.M.},
  title     = {Desafios e perspectivas da editoria científica: memórias críticas do ABEC Meeting Live 2020},
  year      = {2021},
  organization={ABEC Brasil}
}

@book{Yin2005,
  author    = {Yin, R.K.},
  title     = {Estudo de caso: planejamento e métodos},
  year      = {2005},
  publisher = {Bookman}
}
