@article{Anna2019,
  author    = {Anna, J.S.},
  title     = {Comunicação científica e o papel dos periódicos científicos no desenvolvimento das ciências},
  journal   = {Biblionline},
  year      = {2019},
  volume    = {15},
  number    = {1},
  pages     = {3--18},
  doi       = {10.22478/ufpb.1809-4775.2019v15n1.44365}
}