
% O papel da Rede Ibero-Americana de Editores Científicos de Educação (RIECE) no fortalecimento da comunicação científica em periódicos da área de Educação

@article{Anna2019,
  author    = {Anna, J.S.},
  title     = {Comunicação científica e o papel dos periódicos científicos no desenvolvimento das ciências},
  journal   = {Biblionline},
  year      = {2019},
  volume    = {15},
  number    = {1},
  pages     = {3--18},
  doi       = {10.22478/ufpb.1809-4775.2019v15n1.44365}
}

@article{Appel2019,
  author    = {Appel, A.L. and Albagli, S.},
  title     = {The adoption of Article Processing Charges as a business model by Brazilian Open Access journals},
  journal   = {Transinformação},
  year      = {2019},
  volume    = {31},
  pages     = {e180045},
  doi       = {10.1590/2318-0889201931e180045}
}

@manual{Camargo2018,
  author    = {Camargo, B.V. and Justo, A.M.},
  title     = {Tutorial para uso do software [de análise textual] Iramuteq},
  year      = {2018},
  organization={UFSC},
  note      = {Disponible en bit.ly/4fgzRqk}
}

@manual{Fialho2023,
  author    = {Fialho, L.M.F.},
  title     = {Ciência Aberta, uma compreensão inicial},
  year      = {2023},
  organization={Comissão de ética e pesquisa da ANPEd},
  note      = {Disponible en https://bit.ly/3BnaPIl}
}

@inproceedings{Fialho2024,
  author    = {Fialho, L.M.F. and Nascimento, K.A.S. and Costa, M.A.A.},
  title     = {Rede Ibero-Americana de Editores Científicos de Educação (RIECE): internacionalização, indexação e aderência à ciência aberta},
  booktitle = {15ª Conferência Lusófona de Ciência Aberta (ConfOA)},
  year      = {2024},
  organization = {ANPEd},
  address   = {Porto, Portugal},
  volume    = {53},
  number    = {3},
  note      = {Disponible en https://bit.ly/3ZIEYd0}
}

@mastersthesis{Fontes2021,
  author    = {Fontes, I.},
  title     = {Competências do editor-chefe de periódico científico: gaps e tendências},
  year      = {2021},
  school    = {Fundação Getúlio Vargas},
  note      = {Disponible en https://bit.ly/4iDIJcm}
}

@article{Gomes2010,
  author    = {Gomes, V.P.},
  title     = {O editor de revista científica: desafios da prática e da formação},
  journal   = {Informação & Informação},
  year      = {2010},
  volume    = {15},
  number    = {1},
  pages     = {147--172},
  note      = {Disponible en https://bit.ly/400F4gz}
}

@article{Kunsch2004,
  author    = {Kunsch, W.L.},
  title     = {O editor científico},
  journal   = {Revista Acadêmica do Grupo Comunicacional de São Bernardo},
  year      = {2004},
  volume    = {1},
  number    = {1},
  note      = {Disponible en https://bit.ly/3BFXLh6}
}

@book{Ludke1986,
  author    = {Lüdke, M. and André, M.E.D.A.},
  title     = {Pesquisa em educação: abordagens qualitativas},
  year      = {1986},
  publisher = {EPU}
}

@book{Minayo2008,
  author    = {Minayo, M.C.S.},
  title     = {O desafio do conhecimento: pesquisa qualitativa em saúde},
  year      = {2008},
  publisher = {Hucitec}
}

@manual{Morais2022,
  author    = {Morais, A. and Rode, S.M. and Galleti, S.},
  title     = {Desafios e perspectivas da editoria científica: memórias críticas do ABEC Meeting Live 2021},
  year      = {2022},
  organization={ABEC Brasil},
  note      = {Disponible en https://bit.ly/3Bzt79m}
}

@inproceedings{Nascimento2023,
  author    = {Nascimento, K.A.S. and Fialho, L.M.F.},
  title     = {A importância e os desafios da avaliação aberta à luz da experiência da Revista Práticas Educativas, Memórias e Oralidades},
  booktitle = {Abec Meeting},
  year      = {2023},
  note      = {Disponible en https://bit.ly/3ZIvONX}
}

@book{Oliveira2020,
  author    = {Oliveira, M.M.},
  title     = {Como fazer pesquisa qualitativa},
  year      = {2020},
  publisher = {Vozes}
}

@article{Pereira2020,
  author    = {Pereira, V. and Furnival, A.C.},
  title     = {Revistas científicas em acesso aberto brasileiras no DOAJ: modelos de negócio e sua sustentabilidade financeira},
  journal   = {Brazilian Journal of Information Science: Research Trends},
  year      = {2020},
  volume    = {14},
  number    = {1},
  pages     = {88--111},
  doi       = {10.36311/1981-1640.2020.v14n1.05.p88}
}

@article{Pimentel2001,
  author    = {Pimentel, A.},
  title     = {O método da análise documental: seu uso numa pesquisa histórica},
  journal   = {Cadernos de Pesquisa},
  year      = {2001},
  volume    = {114},
  pages     = {179--195},
  note      = {Disponible en https://bit.ly/3BAdChk}
}

@article{SaSilva2009,
  author    = {Sá-Silva, J.R. and Almeida, C.D. and Guindani, J.F.},
  title     = {Pesquisa documental: pistas teóricas e metodológicas},
  journal   = {Revista Brasileira de História & Ciências Sociais},
  year      = {2009},
  volume    = {1},
  number    = {1},
  note      = {Disponible en https://bit.ly/3BmN8jp}
}

@manual{Shintaku2014,
  author    = {Shintaku, M. and others},
  title     = {Cartilha para adequação de publicações SEER/OJS ao Latindex},
  year      = {2014},
  organization={Instituto Brasileiro de Informação em Ciência e Tecnologia}
}

@article{Tripp2005,
  author    = {Tripp, D.},
  title     = {Pesquisa-ação: uma introdução metodológica},
  journal   = {Educação e Pesquisa},
  year      = {2005},
  volume    = {31},
  number    = {3},
  pages     = {443--466},
  doi       = {10.1590/S1517-97022005000300009}
}

@manual{Unesco2017,
  author    = {Unesco},
  title     = {Recomendación sobre la Ciencia y los Investigadores Científicos},
  year      = {2017},
  organization={Unesco}
}

@manual{Unesco2021,
  author    = {Unesco},
  title     = {Recomendação da Unesco sobre Ciência Aberta},
  year      = {2021},
  organization={Unesco}
}

@manual{Werlang2021,
  author    = {Werlang, E. and Carlim, P.E. and Rode, S.M.},
  title     = {Desafios e perspectivas da editoria científica: memórias críticas do ABEC Meeting Live 2020},
  year      = {2021},
  organization={ABEC Brasil}
}

@book{Yin2005,
  author    = {Yin, R.K.},
  title     = {Estudo de caso: planejamento e métodos},
  year      = {2005},
  publisher = {Bookman}
}

% Preservación digital y sostenibilidad de la comunicación científica en América Latina: experiencias, retos y perspectivas futuras

@manual{ACRL2016,
  author    = {{ACRL}},
  title     = {Principles and Strategies for the Reform of Scholarly Communication 1},
  year      = {2016},
  organization = {Association of College and Research Libraries},
  note      = {Disponible en https://www.ala.org/acrl/publications/whitepapers/principlesstrategies}
}

@article{Ahmad2023,
  author    = {Ahmad, R. and Rafiq, M.},
  title     = {Global perspective on digital preservation policy: A systematic review},
  journal   = {Journal of Librarianship and Information Science},
  year      = {2023},
  volume    = {55},
  number    = {3},
  pages     = {859--867},
  doi       = {10.1177/09610006221111572}
}

@article{Araujo2016,
  author    = {Araujo, P.M.B. and Souza, R.F.D.},
  title     = {Aspectos técnicos da preservação digital de periódicos brasileiros em ciência da informação},
  journal   = {RDBCI: Revista Digital de Biblioteconomia e Ciência da Informação},
  year      = {2016},
  volume    = {14},
  number    = {3},
  pages     = {561},
  doi       = {10.20396/rdbci.v14i3.8646337}
}

@article{Balogun2021,
  author    = {Balogun, T. and Kalusopa, T.},
  title     = {A framework for digital preservation of Indigenous knowledge system (IKS) in repositories in South Africa},
  journal   = {Records Management Journal},
  year      = {2021},
  volume    = {31},
  number    = {2},
  pages     = {176--196},
  doi       = {10.1108/RMJ-12-2020-0042}
}

@book{BoderoPoveda2024,
  author    = {Bodero Poveda, E.M. and De Giusti, M.R.},
  title     = {Modelo de madurez para preservación digital},
  year      = {2024},
  publisher = {Editorial Esprint},
  doi       = {10.61347/ei-lib.2}
}

@manual{Choy2016,
  author    = {Choy, S. and Crofts, N. and Fisher, R. and Choh, N.L. and Nickel, S. and Oury, C. and Slaska, K.},
  title     = {The UNESCO/PERSIST guidelines for the selection of digital heritage for long-term preservation},
  year      = {2016},
  organization = {UNESCO},
  note      = {Disponible en https://unesdoc.unesco.org/ark:/48223/pf0000244280}
}

@article{Corda2020,
  author    = {Corda, M.C. and Viñas, M. and Vallefin, C.},
  title     = {Preservar la producción académica digital para el futuro: políticas diseñadas en los repositorios de Argentina},
  journal   = {Informatio},
  year      = {2020},
  volume    = {25},
  number    = {2},
  doi       = {10.35643/Info.25.2.2}
}

@article{Corrado2022,
  author    = {Corrado, E.M.},
  title     = {Digital Preservation Is Not Just a Technology Problem},
  journal   = {Technical Services Quarterly},
  year      = {2022},
  volume    = {39},
  number    = {2},
  pages     = {143--151},
  doi       = {10.1080/07317131.2022.2045432}
}

@incollection{Day2009,
  author    = {Day, M.},
  title     = {Preserving the outputs of scholarly communication for the long-term: a review of recent developments in digital preservation for electronic journal content},
  booktitle = {E-journals access and management},
  editor    = {Jones, W.},
  publisher = {Routledge},
  year      = {2009},
  url       = {https://www.taylorfrancis.com/chapters/edit/10.4324/9780203887370-11/preserving-outputs-scholarly-communication-long-term-review-recent-developments-digital-preservation-electronic-journal-content}
}

@techreport{Ferreira2006,
  author    = {Ferreira, M.},
  title     = {Introdução à preservação digital: conceitos, estratégias e actuais consensos},
  institution = {Universidade do Minho. Escola de Engenharia (EEng)},
  year      = {2006},
  url       = {https://repositorium.sdum.uminho.pt/handle/1822/5820}
}

@article{Formenton2020,
  author    = {Formenton, D. and Gracioso, L.D.S.},
  title     = {Preservação digital},
  journal   = {RDBCI: Revista Digital de Biblioteconomia e Ciência da Informação},
  year      = {2020},
  volume    = {18},
  pages     = {e020012},
  doi       = {10.20396/rdbci.v18i0.8659259}
}

@online{IBICT2025,
  author    = {{IBICT}},
  title     = {Cariniana: Rede Brasileira de Serviços de Preservação Digital},
  year      = {2025},
  url = {https://cariniana.ibict.br/}
}

@online{Kussmann2023,
  author    = {Kussmann, C.},
  title     = {Catching up with past NDSA Excellence Awards Winners: Asociación Iberoamericana de Preservación Digital (APREDIG)},
  year      = {2023},
  month     = {julio 24},
  url       = {https://www.diglib.org/catching-up-with-past-ndsa-excellence-awards-winners-asociacion-iberoamericana-de-preservacion-digital-apredig/}
}

@article{LeijaRoman2019,
  author    = {Leija Roman, D.A. and Márdero-Arellano, M.Á.},
  title     = {Competencias y perspectiva de acciones de preservación digital en Latinoamérica},
  journal   = {Inclusão Social},
  year      = {2019},
  volume    = {13},
  number    = {1},
  url       = {https://revista.ibict.br/inclusao/article/view/5054}
}

@article{Li2024,
  author    = {Li, C.},
  title     = {Debunking the Myth of Obsolescence: Strategies for Digital Heritage Conservation},
  journal   = {Advances in Social Behavior Research},
  year      = {2024},
  volume    = {8},
  number    = {1},
  pages     = {4--9},
  doi       = {10.54254/2753-7102/8/2024060}
}

@incollection{Lira2021,
  author    = {Lira, J. and Siebra, S. de A.},
  title     = {Preservação digital: revisitando o essencial},
  booktitle = {Preservação digital e suas facetas},
  pages     = {31--84},
  year      = {2021},
  url       = {https://pedroejoaoeditores.com.br/produto/preservacao-digital-e-suas-facetas/}
}

@article{mkulama2023digital,
  author = {M’kulama, A. and Akakandela, A. and Bwalya, T. and Wamundila, S. and Hamooya, C.},
  title = {Digital records curation education in Zambia},
  journal = {ESARBICA Journal: Journal of the Eastern and Southern Africa Regional Branch of the International Council on Archives},
  volume = {42},
  pages = {1--17},
  year = {2023},
  url = {https://www.ajol.info/index.php/esarjo/article/view/270466}
}

@incollection{mardero2024preservacao,
  author = {Márdero Arellano, M. Á. and Rungo, A. A. and Soares, M. L. A. and Tavares, M. de F. D.},
  title = {Preservação da memória e do patrimônio digital},
  booktitle = {Temas de pesquisa em preservação digital},
  pages = {13--42},
  publisher = {Editora Ibict},
  year = {2024},
  doi = {10.22477/9786589167792}
}

@article{mardero2009acesso,
  author = {Mardero Arellano, M. Á. M. and Leite, F. C. L.},
  title = {Acesso aberto à informação científica e o problema da preservação digital},
  journal = {Biblios},
  volume = {35},
  pages = {1--11},
  year = {2009},
  url = {https://www.redalyc.org/articulo.oa?id=16118953001}
}

@phdthesis{mardero2008criterios,
  author = {Márdero Arellano, M. Á.},
  title = {Critérios para a preservação digital da informação científica},
  school = {Universidade de Brasília},
  year = {2008},
  url = {http://repositorio.unb.br/handle/10482/1518}
}

@article{murillo2021study,
  author = {Murillo, A. P. and Yoon, A.},
  title = {A study of emerging trends in digital preservation literature: An analysis of journal articles presented in course syllabi},
  journal = {Journal of Librarianship and Information Science},
  volume = {53},
  number = {4},
  pages = {615--629},
  year = {2021},
  doi = {10.1177/0961000620967714}
}

@article{neves2024contribution,
  author = {Neves, J. P. and Grácio, J. C. and Valentim, M. L.},
  title = {The Contribution of Digital Preservation as a Digital Transformation Mechanism within the Scope of the Sustainable Development Objectives of the 2030 Agenda},
  journal = {The Canadian Journal of Information and Library Science},
  volume = {47},
  number = {2},
  pages = {189--196},
  year = {2024},
  doi = {10.5206/cjils-rcsib.v47i2.17626}
}

@article{ochoa2021experiencias,
  author = {Ochoa-Gutiérrez, J. and Sáenz Giraldo, R. A. and Tirado Tamayo, T.},
  title = {Experiencias de gestión de los procesos de preservación digital a partir del modelo OAIS en repositorios institucionales},
  journal = {Anales de Documentación},
  volume = {24},
  number = {1},
  year = {2021},
  doi = {10.6018/analesdoc.428141}
}

@article{rodriguez2020red,
  author = {Rodríguez Reséndiz, P. O.},
  title = {Red Iberoamericana de Preservación Digital de Archivos Sonoros y Audiovisuales: una alternativa de colaboración científica},
  journal = {Investigación Bibliotecológica: archivonomía, bibliotecología e información},
  volume = {34},
  number = {84},
  pages = {135},
  year = {2020},
  doi = {10.22201/iibi.24488321xe.2020.84.58168}
}

@online{sadler2024ai,
  author = {Sadler, J.},
  title = {Analyzing Artificial Intelligence Methods in Digital Preservation Workflow},
  year = {2024},
  note = {In the Field: The ACA Blog},
  url = {https://www.archivists.ca/Blog/13358000}
}

@article{samiei2020digital,
  author = {Samiei, M.},
  title = {Digital preservation: Concepts and strategies},
  journal = {Journal of Advanced Pharmacy Education and Research},
  volume = {10},
  number = {4-2020},
  pages = {127--135},
  year = {2020},
  url = {https://japer.in/article/digital-preservation-concepts-and-strategies}
}

@article{saenz2019colombia,
  author = {Sáenz Giraldo, A.},
  title = {La preservación digital en Colombia: un análisis desde la perspectiva normativa},
  journal = {Revista Interamericana de Bibliotecología},
  volume = {42},
  number = {1},
  pages = {87--97},
  year = {2019},
  doi = {10.17533/udea.rib.v42n1a09}
}

@incollection{santos2024cenarios,
  author = {Santos, G. C. and Abadan, D. and Paiva, J. A. E. and Santillan-Aldana, J. and Polônia, P. V. and Silva, V. F. da},
  title = {Cenários da preservação digital de periódicos},
  booktitle = {Temas de pesquisa em preservação digital},
  pages = {112--138},
  editor = {Márdero Arellano, M. Á. and Estela, F. D. M. S. and Santos, A. D. S. D.},
  publisher = {Editora Ibict},
  year = {2024},
  doi = {10.22477/9786589167792}
}

@article{santos2022modelo,
  author = {Santos, G. C. and Formenton, D. and Terrada, G. A. F.},
  title = {Modelo de arquivamento de páginas web para Portais de Periódicos: um relato de pesquisa no Portal de Periódicos da UNICAMP},
  journal = {Revista Brasileira de Preservação Digital},
  volume = {3},
  pages = {e022001},
  year = {2022},
  doi = {10.20396/rebpred.v3i00.16017}
}

@incollection{siebra2021estrategias,
  author = {Siebra, S. de A. and Borba, V. da R.},
  title = {Estratégias de preservação digital: um retrato sob a ótica da produção científica},
  booktitle = {Preservação digital e suas facetas},
  pages = {85--110},
  year = {2021},
  url = {https://pedroejoaoeditores.com.br/produto/preservacao-digital-e-suas-facetas/}
}

@article{singh2024ensuring,
  author = {Singh, K.},
  title = {Ensuring the Future: A Comprehensive Review of Digital Preservation Strategies},
  journal = {Journal of Advanced Research in Library and Information Science},
  volume = {11},
  number = {1},
  pages = {7--11},
  year = {2024},
  url = {http://www.thejournalshouse.com/index.php/Journal-Library-InformationScien/article/view/1279}
}

@article{srirahayu2020readiness,
  author = {Srirahayu, D. and Harisanty, D. and Irfana, M.},
  title = {Readiness For Digital Preservation In Indonesia},
  journal = {Library Philosophy and Practice (e-journal)},
  year = {2020},
  url = {https://digitalcommons.unl.edu/libphilprac/4625}
}

@phdthesis{tavares2023frente,
  author = {Tavares, A. L. de L.},
  title = {A frente de pesquisa sobre preservação digital no Brasil: produção e colaboração científica em rede},
  school = {Universidade Federal da Paraíba},
  year = {2023},
  url = {https://repositorio.ufpb.br/jspui/handle/123456789/29342}
}

@book{unesco2003guidelines,
  editor = {Unesco},
  title = {Guidelines for the preservation of digital heritage},
  publisher = {National Library of Australia},
  year = {2003},
  url = {https://unesdoc.unesco.org/ark:/48223/pf0000130071}
}

@mastersthesis{velasquez2024legislacion,
  author = {Velásquez Puerta, A. C. and Garzón Bolaños, K. J.},
  title = {Preservación digital en la legislación archivística de Colombia, México y Brasil},
  school = {Universidad de la Salle},
  year = {2024},
  url = {https://hdl.handle.net/20.500.14625/36989}
}

% La ciencia abierta mexicana: monitor de prácticas adoptadas por las revistas

@book{aparicio2016manual,
  author = {Aparicio, A. and Banzato, G. and Liberatore, G.},
  title = {Manual de gestión editorial de revistas científicas de ciencias sociales y humanas: Buenas prácticas y criterios de calidad},
  publisher = {CLACSO},
  year = {2016}
}

@book{ascorra2018manual,
  author = {Ascorra, P. and Costa-Roldán, I. and Cyrano, M. and Muñoz-Cornejo, A. and Muñoz-Riveros, G. and Palma, S. and Parodi, G. and Parra-Araya, A.},
  title = {Manual de buenas prácticas editoriales},
  publisher = {Pontificia Universidad Católica de Valparaíso},
  year = {2018}
}

@book{baiget2020manual,
  author = {Baiget, T.},
  title = {Manual SCImago de revistas científicas: Creación, gestión y publicación},
  publisher = {Ediciones Profesionales de la Información SL},
  year = {2020}
}

@misc{bezjak2018open,
  author = {Bezjak, S. and Clyburne-Sherin, A. and Conzett, P. and Fernandes, P. and Görögh, E. and Helbig, K. and Kramer, B. and Labastida, I. and Niemeyer, K. and Psomopoulos, F. and Ross-Hellauer, T. and Schneider, R. and Tennant, J. and Verbakel, E. and Brinken, H. and Heller, L.},
  title = {Open Science Training Handbook},
  note = {Zenodo},
  year = {2018},
  doi = {10.5281/ZENODO.1212496}
}

@misc{biblat2024metametrics,
  author = {Biblat},
  title = {MetaMetrics: Indicadores para revistas de Ciencias Sociales y Humanidades},
  year = {2024},
  url = {https://biblat.unam.mx/es/sobre-metametrics}
}

@misc{biblat2025nucleo,
  author = {Biblat},
  title = {Núcleo básico de revistas mexicanas en Ciencias Sociales y Humanidades [consulta en línea]},
  year = {2025},
  month = {mar},
  day = {13},
  url = {https://biblat.unam.mx/es/nucleorevistas}
}

@misc{budapest2012ten,
  author = {{Budapest Open Access Initiative}},
  title = {Ten years on from the Budapest Open Access Initiative: Setting the default to open},
  year = {2012},
  url = {https://www.budapestopenaccessinitiative.org/boai10/}
}

@misc{comite2022diagnostico,
  author = {{Comité Asesor en Ciencia Abierta y Ciudadana}},
  title = {Diagnóstico y lineamientos para una política de ciencia abierta en Argentina},
  publisher = {Ministerio de Ciencia, Tecnología e Innovación},
  year = {2022},
  url = {http://eprints.rclis.org/44289/1/documento_final_comite_cayc_-_dic_22.pdf}
}

@misc{conacyt2017lineamientos,
  author = {{Consejo Nacional de Ciencia y Tecnología (CONACyT)}},
  title = {Lineamientos generales de ciencia abierta},
  publisher = {Consejo Nacional de Ciencia y Tecnología},
  year = {2017},
  url = {https://www.repositorionacionalcti.mx/docs/normatividad/lineamientos_Generales_de_Ciencia_Abierta.pdf}
}

@misc{conacyt2018libro,
  author = {{Consejo Nacional de Ciencia y Tecnología (CONACYT)}},
  title = {Libro blanco de ciencia abierta},
  publisher = {Consejo Nacional de Ciencia y Tecnología},
  year = {2018},
  url = {https://secihti.mx/wp-content/uploads/transparencia/planes_programas_informes/libros_blancos/Ciencia_Abierta.pdf}
}

@misc{doaj2025listado,
  author = {{Directory of Open Access Journals (DOAJ)}},
  title = {Listado de revistas científicas mexicanas indizadas en DOAJ [Consulta personalizada]},
  year = {2025},
  month = {mar},
  day = {13},
  url = {https://www.doaj.org}
}

@misc{doaj2023celebrating,
  author = {DOAJ},
  title = {Celebrating 20,000 journals in DOAJ: The value and cost of maintaining trust in scholarly publishing},
  year = {2023},
  month = {oct},
  day = {17},
  url = {https://blog.doaj.org/2023/10/17/celebrating-20000-journals-in-doaj-the-value-and-cost-of-maintaining-trust-in-scholarly-publishing/}
}

@misc{doaj2024guide,
  author = {DOAJ},
  title = {Guide to applying for DOAJ},
  note = {Directory of Open Access Journals},
  year = {2024},
  url = {https://doaj.org/apply/guide/}
}

@misc{europeancommission2017evaluation,
  author = {European Commission, D.-G. for Research and Innovation and Cabello Valdés, C. and Rentier, B. and Kaunismaa, E. and Metcalfe, J. and Esposito, F. and McAllister, D. and Maas, K. and Vandevelde, K. and O’Carroll, C.},
  title = {Evaluation of research careers fully acknowledging Open Science practices: Rewards, incentives and/or recognition for researchers practicing Open Science},
  publisher = {Publications Office of the European Union},
  year = {2017},
  doi = {10.2777/75255}
}

@article{ferraz2018continuous,
  author = {Ferraz de Campos, F. P.},
  title = {Continuous publication: Changing the publishing model},
  journal = {Autopsy and Case Reports},
  volume = {8},
  number = {1},
  pages = {e2018017},
  year = {2018},
  doi = {10.4322/acr.2018.017}
}

@phdthesis{florez2017buenas,
  author = {Flórez, C. E.},
  title = {Buenas prácticas editoriales de revistas de Ciencias Sociales de acceso abierto en América Latina},
  school = {Universidad de Antioquia},
  year = {2017}
}

@misc{latindex2024proceso,
  author = {{Grupo de trabajo Latindex}},
  title = {Proceso de postulación y criterios editoriales para el Catálogo 2.0},
  publisher = {Latindex},
  year = {2024},
  url = {https://www.latindex.org/latindex/postulacion/postulacionCatalogo}
}

@article{hill2016crisis,
  author = {Hill, K. D.},
  title = {The Crisis in Scientific Publishing and its Effect on the Admissibility of Technical and Scientific Evidence},
  journal = {UIC John Marshall Law Review},
  volume = {49},
  number = {3},
  pages = {727--748},
  year = {2016}
}

@article{khanna2022recalibrating,
  author = {Khanna, S. and Ball, J. and Alperin, J. P. and Willinsky, J.},
  title = {Recalibrating the scope of scholarly publishing: A modest step in a vast decolonization process},
  journal = {Quantitative Science Studies},
  volume = {3},
  number = {4},
  pages = {912--930},
  year = {2022},
  doi = {10.1162/qss_a_00228}
}

@article{klebel2025impact,
  author = {Klebel, T. and Traag, V. A. and Grypari, I. and Stoy, L. and Ross-Hellauer, T.},
  title = {The academic impact of Open Science: A scoping review},
  journal = {Royal Society Open Science},
  volume = {12},
  pages = {241248},
  year = {2025},
  doi = {10.1098/rsos.241248}
}

@misc{latindex2025catalogo,
  author = {Latindex},
  title = {Catálogo 2.0: Revistas científicas mexicanas [consulta en línea]},
  year = {2025},
  month = {mar},
  day = {13},
  url = {https://www.latindex.org/latindex/bAvanzada/resultado?idMod=1&send=Buscar&pais=29&natPub=1}
}

@book{merton1973sociology,
  author = {Merton, R. K.},
  title = {The sociology of science: Theoretical and empirical investigations},
  publisher = {University of Chicago Press},
  year = {1973}
}

@misc{ministerio2023plan,
  author = {{Ministerio de Ciencia, Innovación y Universidades}},
  title = {I Plan Estatal de Ciencia Abierta (2023–2027)},
  publisher = {Gobierno de España},
  year = {2023},
  url = {https://www.ciencia.gob.es/InfoGeneralPortal/documento/c30b29d7-abac-4b31-9156-809927b5ee49}
}

@misc{minciencias2022politica,
  author = {{Ministerio de Ciencia, Tecnología e Innovación (MinCiencias)}},
  title = {Política nacional de ciencia abierta},
  publisher = {Gobierno de Colombia},
  year = {2022},
  url = {https://minciencias.gov.co/sites/default/files/politica_nacional_de_ciencia_abierta_-2022_-_version_aprobada.pdf}
}

@misc{niso2022credit,
  author = {{National Information Standards Organization (NISO)}},
  title = {Contributor Roles Taxonomy (CRediT): ANSI/NISO Z39.104-2022},
  year = {2022},
  url = {https://www.niso.org/publications/z39104-2022-credit}
}

@misc{oaspa2012ccby,
  author = {{Open Access Scholarly Publishing Association (OASPA)}},
  title = {Why CC BY?},
  year = {2012},
  month = {abr},
  day = {13},
  url = {https://www.oaspa.org/news/why-cc-by/}
}

@book{paz2018actividad,
  author = {Paz Enrique, L. E.},
  title = {Actividad editorial y socialización de la ciencia},
  publisher = {Editorial Feijóo},
  year = {2018}
}

@misc{redalyc2025revistas,
  author = {Redalyc},
  title = {Revistas científicas mexicanas indizadas en Redalyc [consulta en línea]},
  year = {2025},
  month = {mar},
  day = {13},
  url = {https://www.redalyc.org/pais.oa?id=73&tipo=coleccion}
}

@misc{scielo2023lineas,
  author = {SciELO},
  title = {Líneas prioritarias de acción para la profesionalización, internacionalización y sostenibilidad 2024–2028},
  publisher = {Programa SciELO},
  year = {2023},
  url = {https://wp.scielo.org/wp-content/uploads/Lineas_prioritarias.pdf}
}

@misc{scielobrasil2024criterios,
  author = {SciELO Brasil},
  title = {Criterios, política y procedimientos para la admisión y permanencia de revistas científicas en la Colección SciELO Brasil},
  year = {2024},
  url = {https://www.scielo.br/media/files/20240900-Criterios-SciELO-Brasil-es.pdf}
}

@misc{scielomexico2023indicadores,
  author = {SciELO México},
  title = {Indicadores bibliométricos de la colección SciELO México [consulta en línea]},
  year = {2023},
  url = {https://www.scielo.org.mx/documentos/?pag=metrics}
}

@misc{tzovaras2025vorauseilender,
  author = {Tzovarás, T.},
  title = {«Vorauseilender Gehorsam» and making open science «unpolitical»},
  year = {2025},
  month = {feb},
  day = {9},
  url = {https://tzovar.as/vorauseilender-gehorsam/}
}

@misc{unesco2021recomendacion,
  author = {UNESCO},
  title = {Recomendación de la UNESCO sobre la Ciencia Abierta},
  publisher = {Organización de las Naciones Unidas para la Educación, la Ciencia y la Cultura},
  year = {2021},
  doi = {10.54677/YDOG4702}
}

@misc{uliegecompass,
  author = {{Université de Liège}},
  title = {Compass to Publish},
  url = {https://services.lib.uliege.be/compass-to-publish/}
}

@misc{zetter2024scielobservatorio,
  author = {Zetter Patiño, J. and Díaz Mauricio, J. C. and Garrido Villegas, P. and Gallegos Ramírez, M. R. and Rivera Pulido, F. J.},
  title = {Projeto SciELObservatório México: Definição e medição da aplicação das práticas propostas pela Ciência Aberta},
  year = {2024},
  doi = {10.1590/SciELOPreprints.8844}
}
